@inproceedings{allias2014hybrid,
  title={A hybrid gini pso-svm feature selection based on taguchi method: an evaluation on email filtering},
  author={Allias, Noormadinah and Megat, Megat Norulazmi and Noor, Mohamed and Ismail, Mohd Nazri},
  booktitle={Proceedings of the 8th International Conference on Ubiquitous Information Management and Communication},
  pages={55},
  year={2014},
  organization={ACM}
}

@article{azevedo2008kdd,
  title={KDD, SEMMA and CRISP-DM: a parallel overview},
  author={Azevedo, Ana Isabel Roj{\~a}o Louren{\c{c}}o and Santos, Manuel Filipe},
  journal={IADS-DM},
  year={2008}
}

@article{carpenter2017stan,
  title={Stan: A probabilistic programming language},
  author={Carpenter, Bob and Gelman, Andrew and Hoffman, Matthew D and Lee, Daniel and Goodrich, Ben and Betancourt, Michael and Brubaker, Marcus and Guo, Jiqiang and Li, Peter and Riddell, Allen},
  journal={Journal of statistical software},
  volume={76},
  number={1},
  year={2017},
  publisher={Columbia Univ., New York, NY (United States); Harvard Univ., Cambridge, MA~…}
}

@article{chen2016evaluating,
  title={Evaluating the influence of crashes on driving risk using recurrent event models and Naturalistic Driving Study data},
  author={Chen, Chen and Guo, Feng},
  journal={Journal of applied statistics},
  volume={43},
  number={12},
  pages={2225--2238},
  year={2016},
  publisher={Taylor \& Francis}
}

@article{dang2019hamiltonian,
  title={Hamiltonian Monte Carlo with energy conserving subsampling},
  author={Dang, Khue-Dung and Quiroz, Matias and Kohn, Robert and Tran, Minh-Ngoc and Villani, Mattias},
  journal={Journal of Machine Learning Research},
  volume={20},
  number={100},
  pages={1--31},
  year={2019}
}

@article{hoffman2014no,
  title={The No-U-Turn sampler: adaptively setting path lengths in Hamiltonian Monte Carlo.},
  author={Hoffman, Matthew D and Gelman, Andrew},
  journal={Journal of Machine Learning Research},
  volume={15},
  number={1},
  pages={1593--1623},
  year={2014}
}

@inproceedings{maxion2010keystroke,
  title={Keystroke biometrics with number-pad input},
  author={Maxion, Roy A and Killourhy, Kevin S},
  booktitle={2010 IEEE/IFIP International Conference on Dependable Systems \& Networks (DSN)},
  pages={201--210},
  year={2010},
  organization={IEEE}
}

@inproceedings{mohamed2016gametrics,
  title={Gametrics: towards attack-resilient behavioral authentication with simple cognitive games},
  author={Mohamed, Manar and Saxena, Nitesh},
  booktitle={Proceedings of the 32nd Annual Conference on Computer Security Applications},
  pages={277--288},
  year={2016},
  organization={ACM}
}

@inproceedings{singh2007password,
  title={Password sharing: implications for security design based on social practice},
  author={Singh, Supriya and Cabraal, Anuja and Demosthenous, Catherine and Astbrink, Gunela and Furlong, Michele},
  booktitle={Proceedings of the SIGCHI conference on Human factors in computing systems},
  pages={895--904},
  year={2007},
  organization={ACM}
}

@inproceedings{florencio2007large,
  title={A large-scale study of web password habits},
  author={Florencio, Dinei and Herley, Cormac},
  booktitle={Proceedings of the 16th international conference on World Wide Web},
  pages={657--666},
  year={2007},
  organization={ACM}
}

@article{aria2017bibliometrix,
  title={bibliometrix: An R-tool for comprehensive science mapping analysis},
  author={Aria, Massimo and Cuccurullo, Corrado},
  journal={Journal of Informetrics},
  volume={11},
  number={4},
  pages={959--975},
  year={2017},
  publisher={Elsevier}
}

@article{baghdadi2018machine,
  title={A machine learning approach to detect changes in gait parameters following a fatiguing occupational task},
  author={Baghdadi, Amir and Megahed, Fadel M and Esfahani, Ehsan T and Cavuoto, Lora A},
  journal={Ergonomics},
  volume={61},
  number={8},
  pages={1116--1129},
  year={2018},
  publisher={Taylor \& Francis}
}

@article{baghdadi2019monitoring,
  title={Monitoring Worker Fatigue Using Wearable Devices: A Case Study to Detect Changes in Gait Parameters},
  author={Baghdadi, Amir and Cavuoto, Lora A and Jones-Farmer, L A and Rigdon, Steven E and Esfahani, Ehsan T and Megahed, Fadel M},
  journal={Journal of Quality Technology},
  volume={to appear},
  number={},
  pages={},
  year={2019},
  publisher={Taylor \& Francis}
}

@article{brocal2015identification,
	title={Identification and analysis of advanced manufacturing processes susceptible of generating new and emerging occupational risks},
	author={Brocal, Francisco and Sebasti{\'a}n, Miguel A},
	journal={Procedia Engineering},
	volume={132},
	pages={887--894},
	year={2015},
	publisher={Elsevier}
}

@article{borner2003visualizing,
  title={Visualizing knowledge domains},
  author={B{\"o}rner, Katy and Chen, Chaomei and Boyack, Kevin W},
  journal={Annual Review of Information Science and Technology},
  volume={37},
  number={1},
  pages={179--255},
  year={2003},
  publisher={Wiley Online Library}
}

@article{capizzi2015recent,
  title={Recent advances in process monitoring: Nonparametric and variable-selection methods for phase I and phase II},
  author={Capizzi, Giovanna},
  journal={Quality Engineering},
  volume={27},
  number={1},
  pages={44--67},
  year={2015},
  publisher={Taylor \& Francis}
}

@article{cavuoto2017understanding,
  title={Understanding Fatigue: Implications for Worker Safety},
  author={Cavuoto, Lora and Megahed, Fadel},
  journal={Professional Safety},
  volume={62},
  number={12},
  pages={16--19},
  year={2017},
  publisher={American Society of Safety Engineers}
}

@article{chen2018smart,
  title={Smart and Connected Health: What Can We Learn from Funded Projects?},
  author={Chen, Minghong and Qu, Jingye and Xu, Yuan and Chen, Jiangping},
  journal={Data and Information Management},
  volume={2},
  number={3},
  pages={141--152},
  year={2018},
  publisher={Sciendo}
}

@article{colosimo2014profile,
  title={From profile to surface monitoring: SPC for cylindrical surfaces via Gaussian processes},
  author={Colosimo, Bianca M and Cicorella, Paolo and Pacella, Massimo and Blaco, Marzia},
  journal={Journal of Quality Technology},
  volume={46},
  number={2},
  pages={95--113},
  year={2014},
  publisher={Taylor \& Francis}
}

@misc{darksky,
	author={{The Dark Sky Company, LLC}},
	title ={{Dark Sky API — Overview}},
	howpublished ="\url{https://darksky.net/dev/docs}",
	year ="2019",
	note = "[Online; accessed 20-February-2019]"
}

@misc{darkskyds,
  author = {{The Dark Sky API}},
  title = {Data Sources},
  year = 2019,
  url="https://darksky.net/dev/docs/sources",
  note = "[Online; accessed 20-June-2019]"
}

@article{del2015geodesic,
  title={Geodesic Gaussian processes for the parametric reconstruction of a free-form surface},
  author={Del Castillo, Enrique and Colosimo, Bianca M and Tajbakhsh, Sam Davanloo},
  journal={Technometrics},
  volume={57},
  number={1},
  pages={87--99},
  year={2015},
  publisher={Taylor \& Francis}
}

@techreport{dingus2006100,
  title={The 100-Car Naturalistic Driving Study. Phase 2: Results of the 100-Car Field Experiment},
  author={Dingus, Thomas A and Klauer, Sheila G and Neale, Vicki Lewis and Petersen, Andy and Lee, Suzanne E and Sudweeks, Jeremy and Perez, Miguel A and Hankey, Jonathan and Ramsey, David and Gupta, Santosh and others},
  year={2006},
  institution={United States. Department of Transportation. National Highway Traffic Safety~…}
}

@article{dingus2011estimating,
  title={Estimating crash risk},
  author={Dingus, Thomas A and Hanowski, Richard J and Klauer, Sheila G},
  journal={Ergonomics in Design},
  volume={19},
  number={4},
  pages={8--12},
  year={2011},
  publisher={SAGE Publications Sage CA: Los Angeles, CA}
}

@inproceedings{eenink2014udrive,
  title={UDRIVE: the European naturalistic driving study},
  author={Eenink, Rob and Barnard, Yvonne and Baumann, Martin and Augros, Xavier and Utesch, Fabian},
  booktitle={Proceedings of Transport Research Arena},
  year={2014},
  organization={IFSTTAR}
}

@article{elhabashy2019cyber,
  title={A cyber-physical attack taxonomy for production systems: a quality control perspective},
  author={Elhabashy, Ahmad E and Wells, Lee J and Camelio, Jaime A and Woodall, William H},
  journal={Journal of Intelligent Manufacturing},
  volume={30},
  number={6},
  pages={2489--2504},
  year={2019},
  publisher={Springer}
}

@article{ferjani2017simulation,
  title={A simulation-optimization based heuristic for the online assignment of multi-skilled workers subjected to fatigue in manufacturing systems},
  author={Ferjani, Aicha and Ammar, Achraf and Pierreval, Henri and Elkosantini, Sabeur},
  journal={Computers \& Industrial Engineering},
  volume={112},
  pages={663--674},
  year={2017},
  publisher={Elsevier}
}

@article{gelman1992inference,
  title={Inference from iterative simulation using multiple sequences},
  author={Gelman, Andrew and Rubin, Donald B and others},
  journal={Statistical science},
  volume={7},
  number={4},
  pages={457--472},
  year={1992},
  publisher={Institute of Mathematical Statistics}
}

@article{gelman2017prior,
  title={The prior can often only be understood in the context of the likelihood},
  author={Gelman, Andrew and Simpson, Daniel and Betancourt, Michael},
  journal={Entropy},
  volume={19},
  number={10},
  pages={555},
  year={2017},
  publisher={Multidisciplinary Digital Publishing Institute}
}

@INPROCEEDINGS{gorecky2014, 
	author={D. Gorecky and M. Schmitt and M. Loskyll and D. Zühlke}, 
	booktitle={2014 12th IEEE International Conference on Industrial Informatics (INDIN)},
	title={Human-machine-interaction in the Industry 4.0 era}, 
	year={2014}, 
	pages={289-294}, 
	doi={10.1109/INDIN.2014.6945523}, 
	ISSN={1935-4576}, 
	month={July}
}

@article{gubbi2013internet,
  title={Internet of Things (IoT): A vision, architectural elements, and future directions},
  author={Gubbi, Jayavardhana and Buyya, Rajkumar and Marusic, Slaven and Palaniswami, Marimuthu},
  journal={Future generation computer systems},
  volume={29},
  number={7},
  pages={1645--1660},
  year={2013},
  publisher={Elsevier}
}

@article{guo2010near,
  title={Near crashes as crash surrogate for naturalistic driving studies},
  author={Guo, Feng and Klauer, Sheila G and Hankey, Jonathan M and Dingus, Thomas A},
  journal={Transportation Research Record},
  volume={2147},
  number={1},
  pages={66--74},
  year={2010},
  publisher={SAGE Publications Sage CA: Los Angeles, CA}
}

@article{guo2019statistical,
  title={Statistical methods for naturalistic driving studies},
  author={Guo, Feng},
  journal={Annual review of statistics and its application},
  volume={6},
  pages={309--328},
  year={2019},
  publisher={Annual Reviews}
}

@article{haq2014improved,
  title={Improved fast initial response features for exponentially weighted moving average and cumulative sum control charts},
  author={Haq, Abdul and Brown, Jennifer and Moltchanova, Elena},
  journal={Quality and Reliability Engineering International},
  volume={30},
  number={5},
  pages={697--710},
  year={2014},
  publisher={Wiley Online Library}
}

@article{haq2015improved,
  title={Improved exponentially weighted moving average control charts for monitoring process mean and dispersion},
  author={Haq, Abdul and Brown, Jennifer and Moltchanova, Elena and Al-Omari, Amer Ibrahim},
  journal={Quality and Reliability Engineering International},
  volume={31},
  number={2},
  pages={217--237},
  year={2015},
  publisher={Wiley Online Library}
}

@article{hickman2018synthetic,
  title={A synthetic approach to compare the large truck crash causation study and naturalistic driving data},
  author={Hickman, Jeffrey S and Hanowski, Richard J and Bocanegra, Joseph},
  journal={Accident Analysis \& Prevention},
  volume={112},
  pages={11--14},
  year={2018},
  publisher={Elsevier}
}

@article{hsu2010mail,
  title={E-mail spam filtering based on support vector machines with Taguchi method for parameter selection},
  author={Hsu, Wei-Chih and Yu, Tsan-Ying and others},
  journal={Journal of Convergence Information Technology},
  volume={5},
  number={8},
  pages={78--88},
  year={2010},
  publisher={Advanced Institute of Convergence IT}
}

@misc{idc2019growth,
    key    = "{IDC}",
    title     = "The Growth in Connected {IoT} Devices Is Expected to Generate 79.4ZB of Data in 2025, According to a New IDC Forecast",
    howpublished = "{International Data Corporation.} https://www.idc.com/getdoc.jsp?containerId=prUS45213219",
    year     = "2019",
    note     = "[Online. Last accessed August 1, 2019]"
}

@incollection{jeschke2017industrial,
  title={Industrial internet of things and cyber manufacturing systems},
  author={Jeschke, Sabina and Brecher, Christian and Meisen, Tobias and {\"O}zdemir, Denis and Eschert, Tim},
  booktitle={Industrial Internet of Things},
  pages={3--19},
  year={2017},
  publisher={Springer}
}

@article{jones2014overview,
  title={An overview of phase I analysis for process improvement and monitoring},
  author={Jones-Farmer, L Allison and Woodall, William H and Steiner, Stefan H and Champ, Charles W},
  journal={Journal of Quality Technology},
  volume={46},
  number={3},
  pages={265--280},
  year={2014},
  publisher={Taylor \& Francis}
}

@article{kalra2016driving,
  title={Driving to safety: How many miles of driving would it take to demonstrate autonomous vehicle reliability?},
  author={Kalra, Nidhi and Paddock, Susan M},
  journal={Transportation Research Part A: Policy and Practice},
  volume={94},
  pages={182--193},
  year={2016},
  publisher={Elsevier}
}

@article{khaw1995optimal,
  title={Optimal design of neural networks using the Taguchi method},
  author={Khaw, John FC and Lim, BS and Lim, Lennie EN},
  journal={Neurocomputing},
  volume={7},
  number={3},
  pages={225--245},
  year={1995},
  publisher={Elsevier}
}

@article{kolus2018production,
  title={Production quality and human factors engineering: a systematic review and theoretical framework},
  author={Kolus, Ahmet and Wells, Richard and Neumann, Patrick},
  journal={Applied Ergonomics},
  volume={73},
  pages={55--89},
  year={2018},
  publisher={Elsevier}
}

@article{kumar2015optimization,
  title={Optimization of neural network parameters using Grey--Taguchi methodology for manufacturing process applications},
  author={Kumar, Dinesh and Gupta, Arun Kumar and Chandna, Pankaj and Pal, Mahesh},
  journal={Proceedings of the Institution of Mechanical Engineers, Part C: Journal of Mechanical Engineering Science},
  volume={229},
  number={14},
  pages={2651--2664},
  year={2015},
  publisher={SAGE Publications Sage UK: London, England}
}

@article{kwak2002input,
  title={Input feature selection for classification problems},
  author={Kwak, Nojun and Choi, Chong-Ho},
  journal={{IEEE} Transactions on Neural Networks},
  volume={13},
  number={1},
  pages={143--159},
  year={2002},
  publisher={IEEE}
}

@article{lasi2014industry,
  title={Industry 4.0},
  author={Lasi, Heiner and Fettke, Peter and Kemper, Hans-Georg and Feld, Thomas and Hoffmann, Michael},
  journal={Business \& information systems engineering},
  volume={6},
  number={4},
  pages={239--242},
  year={2014},
  publisher={Springer}
}

@incollection{lazariv2018challenges,
  title={Challenges in Monitoring Non-stationary Time Series},
  author={Lazariv, Taras and Schmid, Wolfgang},
  booktitle={Frontiers in Statistical Quality Control 12},
  pages={257--275},
  year={2018},
  publisher={Springer}
}

@book{lee2017introduction,
  title={Introduction to embedded systems: A cyber-physical systems approach},
  author={Lee, Edward Ashford and Seshia, Sanjit A},
  year={2017},
  publisher={Mit Press},
  isbn={9780262533812}
}

@article{leroy2014smart,
  title={Smart and Connected Health [Guest editors' introduction]},
  author={Leroy, Gondy and Chen, Hsinchun and Rindflesch, Thomas C},
  journal={{IEEE} Intelligent Systems},
  volume={29},
  number={3},
  pages={2--5},
  year={2014},
  publisher={{IEEE}}
}

@misc{li2017which,
    author = {Hui Li},
    title={Which machine learning algorithm should I use?},
    howpublished={{The SAS Data Science Blog}. \url{https://blogs.sas.com/content/subconsciousmusings/2017/04/12/machine-learning-algorithm-use/}},
    year={2017},
    note="[Online. Last accessed August 4, 2019]"
}

@article{li2017evaluation,
  title={Evaluation of risk change-point for novice teenage drivers},
  author={Li, Qing and Guo, Feng and Klauer, Sheila G and Simons-Morton, Bruce G},
  journal={Accident Analysis \& Prevention},
  volume={108},
  pages={139--146},
  year={2017},
  publisher={Elsevier}
}

@article{li2018bayesian,
  title={A Bayesian finite mixture change-point model for assessing the risk of novice teenage drivers},
  author={Li, Qing and Guo, Feng and Kim, Inyoung and Klauer, Sheila G and Simons-Morton, Bruce G},
  journal={Journal of applied statistics},
  volume={45},
  number={4},
  pages={604--625},
  year={2018},
  publisher={Taylor \& Francis}
}

@article{lu2017survey,
  title={A survey of the prevalence of fatigue, its precursors and individual coping mechanisms among US manufacturing workers},
  author={Lu, Lin and Megahed, Fadel M and Sesek, Richard F and Cavuoto, Lora A},
  journal={Applied Ergonomics},
  volume={65},
  pages={139--151},
  year={2017},
  publisher={Elsevier}
}

@inproceedings{maclaurin2015firefly,
  title={Firefly Monte Carlo: Exact MCMC with subsets of data},
  author={Maclaurin, Dougal and Adams, Ryan Prescott},
  booktitle={Twenty-Fourth International Joint Conference on Artificial Intelligence},
  year={2015}
}

@article{maji2016imposed,
  title={Imposed target based modification of Taguchi method for feature optimisation with application in arrhythmia beat detection},
  author={Maji, Uday and Mitra, Madhuchhanda and Pal, Saurabh},
  journal={Expert Systems with Applications},
  volume={56},
  pages={268--281},
  year={2016},
  publisher={Elsevier}
}

@article{maman2017data,
  title={A data-driven approach to modeling physical fatigue in the workplace using wearable sensors},
  author={Maman, Zahra Sedighi and Yazdi, Mohammad Ali Alamdar and Cavuoto, Lora A and Megahed, Fadel M},
  journal={Applied ergonomics},
  volume={65},
  pages={515--529},
  year={2017},
  publisher={Elsevier}
}

@article{maman2019data,
  title={A data analytic framework for physical fatigue management using wearable sensors},
  author={Maman, Zahra Sedighi and
  Chen, Ying-Ju and Baghdadi, Amir and Lombardo, Seamus and  Cavuoto, Lora A and Megahed, Fadel M},
  journal={Expert systems with applications},
  volume={(under review)},
  pages={},
  year={2019},
  publisher={Elsevier}
}

@misc{mckinsey2015,
    key = {{McKinsey Global Institute}},
    title={{The Internet of Things: Mapping the value beyond the hype}},
    howpublished = {{McKinsey\&Company.} \url{https://www.mckinsey.com/~/media/McKinsey/Business\%20Functions/McKinsey\%20Digital/Our\%20Insights/The\%20Internet\%20of\%20Things\%20The\%20value\%20of\%20digitizing\%20the\%20physical\%20world/The-Internet-of-things-Mapping-the-value-beyond-the-hype.ashx}},
    year = {2015},
    note     = "[Online. Last accessed August 8, 2019]"
}

@misc{nsf2019cps,
    key    = "{National Science Foundation}",
    title     = "Cyber Physical Systems {(CPS)} | {NSF 19-553}",
    howpublished = "https://www.nsf.gov/pubs/2019/nsf19553/nsf19553.htm",
    year     = "2019",
    note     = "[Online. Last accessed August 4, 2019]"
}

@article{packianather2000optimizing,
  title={Optimizing the parameters of multilayered feedforward neural networks through Taguchi design of experiments},
  author={Packianather, MS and Drake, PR and Rowlands, H},
  journal={Quality and Reliability Engineering International},
  volume={16},
  number={6},
  pages={461--473},
  year={2000},
  publisher={Wiley Online Library}
}

@article{paynabar2016change,
  title={A change-point approach for phase-I analysis in multivariate profile monitoring and diagnosis},
  author={Paynabar, Kamran and Zou, Changliang and Qiu, Peihua},
  journal={Technometrics},
  volume={58},
  number={2},
  pages={191--204},
  year={2016},
  publisher={Taylor \& Francis}
}

@article{pantelopoulos2010survey,
  title={A survey on wearable sensor-based systems for health monitoring and prognosis.},
  author={Pantelopoulos, Alexandros and Bourbakis, Nikolaos G and others},
  journal={{IEEE Transactions on Systems, Man, and Cybernetics - Part C: Applications and Reviews}},
  volume={40},
  number={1},
  pages={1--12},
  year={2010}
}

@article{porter2006algorithm,
  title={An algorithm for suffix stripping},
  author={Porter, Martin F},
  journal={Program},
  year={2006},
  publisher={Emerald Group Publishing Limited},
  volume={40},
  pagers={211--218}
}

@article{psarakis2014some,
  title={Some recent developments on the effects of parameter estimation on control charts},
  author={Psarakis, Stelios and Vyniou, Angeliki K and Castagliola, Philippe},
  journal={Quality and Reliability Engineering International},
  volume={30},
  number={8},
  pages={1113--1129},
  year={2014},
  publisher={Wiley Online Library}
}

@article{quiroz2019speeding,
  title={Speeding up MCMC by efficient data subsampling},
  author={Quiroz, Matias and Kohn, Robert and Villani, Mattias and Tran, Minh-Ngoc},
  journal={Journal of the American Statistical Association},
  volume={114},
  number={526},
  pages={831--843},
  year={2019},
  publisher={Taylor \& Francis}
}

@inproceedings{regan2012naturalistic,
  title={Naturalistic driving studies: literature review and planning for the Australian naturalistic driving study},
  author={Regan, MA and Williamson, A and Grzebieta, R and Tao, L},
  booktitle={Australasian college of road safety conference 2012, Sydney, New South Wales, Australia},
  year={2012}
}

@article{ricci2007fatigue,
  title={Fatigue in the US workforce: prevalence and implications for lost productive work time},
  author={Ricci, Judith A and Chee, Elsbeth and Lorandeau, Amy L and Berger, Jan},
  journal={Journal of Occupational and Environmental Medicine},
  volume={49},
  number={1},
  pages={1--10},
  year={2007},
  publisher={LWW}
}

@inproceedings{romero2016operator,
	title={The Operator 4.0: Human Cyber-Physical Systems \& Adaptive Automation towards Human-Automation Symbiosis Work Systems},
	author={Romero, David and Bernus, Peter and Noran, Ovidiu and Stahre, Johan and Fast-Berglund, {\AA}sa},
	booktitle={APMS (Advances in Production Management Systems)},
	year={2016}
}


@article{savolainen2011statistical,
  title={The statistical analysis of highway crash-injury severities: a review and assessment of methodological alternatives},
  author={Savolainen, Peter T and Mannering, Fred L and Lord, Dominique and Quddus, Mohammed A},
  journal={Accident Analysis \& Prevention},
  volume={43},
  number={5},
  pages={1666--1676},
  year={2011},
  publisher={Elsevier}
}

@article{schall2018barriers,
  title={Barriers to the adoption of wearable sensors in the workplace: A survey of occupational safety and health professionals},
  author={Schall Jr, Mark C and Sesek, Richard F and Cavuoto, Lora A},
  journal={Human Factors},
  volume={60},
  number={3},
  pages={351--362},
  year={2018},
  publisher={Sage Publications Sage CA: Los Angeles, CA}
}

@misc{scikit2019choosing,
    key = {{Scikit-Learn}},
    title={Choosing the right estimator},
    howpublished={\url{https://scikit-learn.org/stable/tutorial/machine_learning_map/index.html}},
    year={2019},
    note="[Online. Last accessed August 4, 2019]"
}

@article{shmueli2010explain,
  title={To explain or to predict?},
  author={Shmueli, Galit and others},
  journal={Statistical Science},
  volume={25},
  number={3},
  pages={289--310},
  year={2010},
  publisher={Institute of Mathematical Statistics}
}

@article{stern2019data,
  title={Data and methods for studying commercial motor vehicle driver fatigue, highway safety and long-term driver health},
  author={Stern, Hal S and Blower, Daniel and Cohen, Michael L and Czeisler, Charles A and Dinges, David F and Greenhouse, Joel B and Guo, Feng and Hanowski, Richard J and Hartenbaum, Natalie P and Krueger, Gerald P and others},
  journal={Accident Analysis \& Prevention},
  volume={126},
  pages={37--42},
  year={2019},
  publisher={Elsevier}
}

@article{sukthomya2005optimisation,
  title={The optimisation of neural network parameters using Taguchi’s design of experiments approach: an application in manufacturing process modelling},
  author={Sukthomya, Wimalin and Tannock, James},
  journal={Neural Computing \& Applications},
  volume={14},
  number={4},
  pages={337--344},
  year={2005},
  publisher={Springer}
}

@article{teoh2017optimal,
  title={Optimal designs of the variable sample size chart based on median run length and expected median run length},
  author={Teoh, Wei Lin and Chong, Jia Kit and Khoo, Michael BC and Castagliola, Philippe and Yeong, Wai Chung},
  journal={Quality and Reliability Engineering International},
  volume={33},
  number={1},
  pages={121--134},
  year={2017},
  publisher={Wiley Online Library}
}

@misc{us2015traffic,
  title={Traffic safety facts 2015: a compilation of motor vehicle crash data from the Fatality Analysis Reporting System and the general estimates system},
  author={{National Highway Traffic Safety Administration}},
  year={2017},
  publisher={National Highway Traffic Safety Administration Washington, DC}
}

@misc{wikiOSM,
    author = "{Wikipedia contributors}",
    title = "OpenStreetMap --- {Wikipedia}{,} The Free Encyclopedia",
    year = "2019",
    howpublished = "\url{https://en.wikipedia.org/w/index.php?title=OpenStreetMap&oldid=900226891}",
    note = "[Online; accessed 5-June-2019]"
  }

@article{wolfert2017big,
  title={Big data in smart farming--a review},
  author={Wolfert, Sjaak and Ge, Lan and Verdouw, Cor and Bogaardt, Marc-Jeroen},
  journal={Agricultural Systems},
  volume={153},
  pages={69--80},
  year={2017},
  publisher={Elsevier}
}

@article{woodall2014some,
  title={Some current directions in the theory and application of statistical process monitoring},
  author={Woodall, William H and Montgomery, Douglas C},
  journal={Journal of Quality Technology},
  volume={46},
  number={1},
  pages={78--94},
  year={2014},
  publisher={Taylor \& Francis}
}

@inproceedings{yang2008novel,
  title={A novel ga-taguchi-based feature selection method},
  author={Yang, Cheng-Hong and Huang, Chi-Chun and Wu, Kuo-Chuan and Chang, Hsin-Yun},
  booktitle={International Conference on Intelligent Data Engineering and Automated Learning},
  pages={112--119},
  year={2008},
  organization={Springer}
}


@article{ye2014inverse,
  title={The inverse Gaussian process as a degradation model},
  author={Ye, Zhi-Sheng and Chen, Nan},
  journal={Technometrics},
  volume={56},
  number={3},
  pages={302--311},
  year={2014},
  publisher={Taylor \& Francis}
}

@article{zare2019assessment,
  title={Assessment of Land Cover Changes Using Taguchi-Based Optimized SVM Classification Approach},
  author={Zare, Mohammad and Behnia, Negin and Gabriels, Donalds},
  journal={Journal of the Indian Society of Remote Sensing},
  volume={47},
  number={1},
  pages={45--52},
  year={2019},
  publisher={Springer}
}

@article{zhang2014exponential,
  title={Exponential CUSUM charts with estimated control limits},
  author={Zhang, Min and Megahed, Fadel M and Woodall, William H},
  journal={Quality and Reliability Engineering International},
  volume={30},
  number={2},
  pages={275--286},
  year={2014},
  publisher={Wiley Online Library}
}